%DHZ
@article{DHZ16,
author = {{Downarowicz}, Tomasz and {Huczek}, Dawid and {Zhang}, Guohua},
year = {2015},
month = {02},
pages = {},
title = {Tilings of amenable groups},
volume = {2019},
journal = {Journal für die reine und angewandte Mathematik (Crelles Journal)},
doi = {10.1515/crelle-2016-0025}
}

%DI
@article {DI88,
    AUTHOR = {Downarowicz, Tomasz and Iwanik, Anzelm},
     TITLE = {Quasi-uniform convergence in compact dynamical systems},
   JOURNAL = {Studia Math.},
  FJOURNAL = {Polska Akademia Nauk. Instytut Matematyczny. Studia
              Mathematica},
    VOLUME = {89},
      YEAR = {1988},
    NUMBER = {1},
     PAGES = {11--25},
      ISSN = {0039-3223},
     CODEN = {SMATAZ},
   MRCLASS = {54H20 (28D05)},
  MRNUMBER = {951081 (89j:54042)},
MRREVIEWER = {F. M. Dekking},
}

@book {Shields96,
    AUTHOR = {Shields, Paul C.},
     TITLE = {The ergodic theory of discrete sample paths},
    SERIES = {Graduate Studies in Mathematics},
    VOLUME = {13},
 PUBLISHER = {American Mathematical Society, Providence, RI},
      YEAR = {1996},
     PAGES = {xii+249},
      ISBN = {0-8218-0477-4},
   MRCLASS = {28D20 (28D05 60G10 60G17 94A17 94A24)},
  MRNUMBER = {1400225},
MRREVIEWER = {Manfred Denker},
       DOI = {10.1090/gsm/013},
       URL = {http://dx.doi.org/10.1090/gsm/013},
}

@article {Auslander59,
    AUTHOR = {Auslander, Joseph},
     TITLE = {Mean-{$L$}-stable systems},
   JOURNAL = {Illinois J. Math.},
  FJOURNAL = {Illinois Journal of Mathematics},
    VOLUME = {3},
      YEAR = {1959},
     PAGES = {566--579},
      ISSN = {0019-2082},
   MRCLASS = {54.82},
  MRNUMBER = {0149462 (26 \#6950)},
MRREVIEWER = {J. C. Oxtoby},
}

@article {Fomin51,
    AUTHOR = {Fomin, Sergei Vasilyevich},
     TITLE = {On dynamical systems with a purely point spectrum},
   JOURNAL = {Doklady Akad. Nauk SSSR (N.S.)},
    VOLUME = {77},
      YEAR = {1951},
     PAGES = {29--32},
   MRCLASS = {46.3X},
  MRNUMBER = {0043397},
MRREVIEWER = {Y. N. Dowker},
}


@article{FGJ16,
	doi = {10.1088/0951-7715/29/2/528},
	year = 2016,
	month = {jan},
	publisher = {{IOP} Publishing},
	volume = {29},
	number = {2},
	pages = {528--565},
	author =  {Fuhrmann, Gabriel and Gr{\"o}ger, Maik and J{\"a}ger, Tobias},
	title = {Amorphic complexity},
	journal = {Nonlinearity},
}

@article {Oxtoby52,
    AUTHOR = {Oxtoby, John C.},
     TITLE = {Ergodic sets},
   JOURNAL = {Bull. Amer. Math. Soc.},
  FJOURNAL = {Bulletin of the American Mathematical Society},
    VOLUME = {58},
      YEAR = {1952},
     PAGES = {116--136},
      ISSN = {0002-9904},
   MRCLASS = {46.3X},
  MRNUMBER = {0047262 (13,850e)},
MRREVIEWER = {K. Yosida},
}

%KLOg
@ARTICLE{KLO16,
   author = {Kwietniak, Dominik and Łącka, Martha and Oprocha, Piotr},
    title = {Generic Points for Dynamical Systems with Average Shadowing},
  journal = {ArXiv e-prints},
archivePrefix = {arXiv},
   eprint = {1603.04091},
 primaryClass = {math.DS},
 keywords = {Mathematics - Dynamical Systems, 37A05, 37B05, 37B10},
     year = 2016,
    month = mar,
   adsurl = {http://adsabs.harvard.edu/abs/2016arXiv160304091K},
  adsnote = {Provided by the SAO/NASA Astrophysics Data System}
}

%DFR
@InCollection{DFR16,
   author = {{Downarowicz}, Tomasz and {Frej}, Bartosz and {Romagnoli}, Pierre-Paul},
    title = {Shearer's inequality and Infimum Rule for Shannon entropy and topological entropy},
  Booktitle                = {Dynamics and Numbers, Contemporary Mathematics, vol. 669},
  Publisher                = {AMS},
  Year                     = {2016},
  Pages                    = {76--89},
  Adsurl                   = {http://adsabs.harvard.edu/abs/2015arXiv150307355K},
  Keywords                 = {Mathematics - Dynamical Systems, 37B05 (primary), 37A35, 37B10, 37B40, 37D20 (secondary)},
  Primaryclass             = {math.DS}
}

%LW
@article {LW00,
    AUTHOR = {Lindenstrauss, Elon and Weiss, Benjamin},
     TITLE = {Mean topological dimension},
   JOURNAL = {Israel J. Math.},
  FJOURNAL = {Israel Journal of Mathematics},
    VOLUME = {115},
      YEAR = {2000},
     PAGES = {1--24},
      ISSN = {0021-2172},
     CODEN = {ISJMAP},
   MRCLASS = {37B99 (37B05 37B40)},
  MRNUMBER = {1749670},
MRREVIEWER = {Kathleen M. Madden},
       DOI = {10.1007/BF02810577},
       URL = {http://dx.doi.org/10.1007/BF02810577},
}



%BBF
@article {BBF10,
    AUTHOR = {Beiglb{\"o}ck, Mathias and Bergelson, Vitaly and Fish,
              Alexander},
     TITLE = {Sumset phenomenon in countable amenable groups},
   JOURNAL = {Adv. Math.},
  FJOURNAL = {Advances in Mathematics},
    VOLUME = {223},
      YEAR = {2010},
    NUMBER = {2},
     PAGES = {416--432},
      ISSN = {0001-8708},
     CODEN = {ADMTA4},
   MRCLASS = {11B05 (11B13 11B30 37A45 43A07)},
  MRNUMBER = {2565535},
MRREVIEWER = {Randall McCutcheon},
       DOI = {10.1016/j.aim.2009.08.009},
       URL = {http://dx.doi.org/10.1016/j.aim.2009.08.009},
}


@book{HK95, 
place={Cambridge}, 
series={Encyclopedia of Mathematics and its Applications}, 
title={Introduction to the Modern Theory of Dynamical Systems}, 
DOI={10.1017/CBO9780511809187},
publisher={Cambridge University Press}, 
author={Katok, Anatole and Hasselblatt, Boris}, 
year={1995}, 
collection={Encyclopedia of Mathematics and its Applications},
}

@book{EW10,
  title={Ergodic Theory: with a view towards Number Theory},
  author={Einsiedler, Manfred and Ward, Thomas},
  isbn={9780857290212},
  lccn={2010936100},
  series={Graduate Texts in Mathematics},
  url={https://books.google.pl/books?id=PiDET2fS7H4C},
  year={2010},
  publisher={Springer London}
}

%jest zle!!
@inbook{Weiss01,
author = {Weiss, Benjamin},
year = {2001},
pages = {257-262},
publisher = {American Mathematical Society, Providence, RI},
title = {Topology, ergodic theory, real algebraic geometry},
chapter = {Monotileable amenable groups},
isbn = {9780821827406},
doi = {10.1090/trans2/202/18}
}



@article{CP14,
author = {Cortez, Mar{\'{\i}}a Isabel and Petite, Samuel},
year = {2014},
VOLUME = {8},
NUMBER = {4},
PAGES = {1007--1045},
title = {Invariant measures and orbit equivalence for generalized Toeplitz subshifts},
journal = {Groups Geom. Dyn.},
doi = {10.4171/GGD/255}
}

@article {CP08,
    AUTHOR = {Cortez, Mar{\'{\i}}a Isabel and Petite, Samuel},
     TITLE = {{$G$}-odometers and their almost one-to-one extensions},
   JOURNAL = {J. Lond. Math. Soc. (2)},
  FJOURNAL = {Journal of the London Mathematical Society. Second Series},
    VOLUME = {78},
      YEAR = {2008},
    NUMBER = {1},
     PAGES = {1--20},
      ISSN = {0024-6107},
   MRCLASS = {37B50 (54H20)},
  MRNUMBER = {2427048},
MRREVIEWER = {Konstantin Medynets},
       DOI = {10.1112/jlms/jdn002},
       URL = {http://dx.doi.org/10.1112/jlms/jdn002},
}



@article{KKL18,
author = {Kulczycki, Marcin and Kwietniak, Dominik and Li, Jian},
year = {2018},
month = {02},
pages = {141-148},
title = {Entropy of Subordinate Shift Spaces},
volume = {125},
journal = {The American Mathematical Monthly},
doi = {10.1080/00029890.2018.1401875}
}

@article {Krieger07,
    AUTHOR = {Krieger, Fabrice},
     TITLE = {Sous-d\'ecalages de {T}oeplitz sur les groupes moyennables
              r\'esiduellement finis},
   JOURNAL = {J. Lond. Math. Soc. (2)},
  FJOURNAL = {Journal of the London Mathematical Society. Second Series},
    VOLUME = {75},
      YEAR = {2007},
    NUMBER = {2},
     PAGES = {447--462},
      ISSN = {0024-6107},
       DOI = {10.1112/jlms/jdm019},
}

@incollection {Krieger10,
    AUTHOR = {Krieger, Fabrice},
     TITLE = {Toeplitz subshifts and odometers for residually finite groups},
 BOOKTITLE = {\'{E}cole de {T}h\'eorie {E}rgodique},
    SERIES = {S\'emin. Congr.},
    VOLUME = {20},
     PAGES = {147--161},
 PUBLISHER = {Soc. Math. France, Paris},
      YEAR = {2010},
   MRCLASS = {37B05 (37B10)},
  MRNUMBER = {2856513},
MRREVIEWER = {A. H. Dooley},
}


@article{LS18,
author = {Łącka, Martha and Straszak, Marta},
title = {Quasi-uniform convergence in dynamical systems generated by an amenable group action},
journal = {Journal of the London Mathematical Society},
volume = {98},
number = {3},
pages = {687-707},
keywords = {37B05, 37B10 (primary)},
doi = {10.1112/jlms.12157},
year = {2018}
}

@article {JK69,
author={Jacobs, Konrad
and Keane, Michael},
title={0-1-sequences of Toeplitz type},
journal={Zeitschrift f{\"u}r Wahrscheinlichkeitstheorie und Verwandte Gebiete},
year={1969},
month={Jun},
day={01},
volume={13},
number={2},
pages={123--131},
issn={1432-2064},
doi={10.1007/BF00537017},
}

@article{Downarowicz05,
  title={Survey of odometers and Toeplitz flows},
  author={Downarowicz, Tomasz},
  journal={Contemporary Mathematics},
  volume={385},
  pages={7--38},
  year={2005},
  publisher={Providence, RI: American Mathematical Society}
}


@article{AKL16,
  title={0-1 sequences of the Thue-Morse type and Sarnak’s conjecture},
  author={El Abdalaoui, El Houcein and Kasjan, Stanis{\l}aw and Lema{\'n}czyk, Mariusz},
  journal={Proceedings of the American Mathematical Society},
  volume={144},
  number={1},
  pages={161--176},
  year={2016}
}

@article {Lindenstrauss01,
    AUTHOR = {Lindenstrauss, Elon},
     TITLE = {Pointwise theorems for amenable groups},
   JOURNAL = {Invent. Math.},
  FJOURNAL = {Inventiones Mathematicae},
    VOLUME = {146},
      YEAR = {2001},
    NUMBER = {2},
     PAGES = {259--295},
      ISSN = {0020-9910},
     CODEN = {INVMBH},
   MRCLASS = {37A15 (28D15 37A30)},
  MRNUMBER = {1865397 (2002h:37005)},
MRREVIEWER = {Thomas Ward},
       DOI = {10.1007/s002220100162},
       URL = {http://dx.doi.org/10.1007/s002220100162},
}

@book{deVries93,
  title={Elements of Topological Dynamics},
  author={de Vries, J.},
  isbn={9780792322870},
  lccn={93007603},
  series={Mathematics and Its Applications},
  url={https://books.google.pl/books?id=YkPbYPL5JskC},
  year={1993},
  publisher={Springer Netherlands}
}

@book{GH55,
  title={Topological Dynamics},
  author={Gottschalk,  Walter Helbig  and Hedlund, Gustav Arnold},
  isbn={9780821810361},
  lccn={55012710},
  series={American Mathematical Society: Colloquium publications},
  url={https://books.google.pl/books?id=UAviDgAAQBAJ},
  year={1955},
  publisher={American Mathematical Society}
}

@book{CC10,
  title={Cellular Automata and Groups},
  author={Ceccherini-Silberstein, Tullio and Coornaert, Michel},
  isbn={9783642140341},
  lccn={2010934641},
  series={Springer Monographs in Mathematics},
  url={https://books.google.pl/books?id=N-LSFFaHTKwC},
  year={2010},
  publisher={Springer Berlin Heidelberg}
}

@article{CC19,
   title={Invariant measures for actions of congruent monotileable amenable groups},
   volume={13},
   ISSN={1661-7207},
   url={http://dx.doi.org/10.4171/ggd/506},
   DOI={10.4171/ggd/506},
   number={3},
   journal={Groups, Geometry, and Dynamics},
   publisher={European Mathematical Society Publishing House},
   author={Cecchi, Paulina and Cortez, María Isabel},
   year={2019},
   month={May},
   pages={821–839}
}


@article{AK03,
	doi = {10.1088/0951-7715/16/4/313},
	year = 2003,
	month = {may},
	publisher = {{IOP} Publishing},
	volume = {16},
	number = {4},
	pages = {1421--1433},
	author = {Ethan Akin and Sergii Kolyada},
	title = {Li{\textendash}Yorke sensitivity},
	journal = {Nonlinearity},
}

@book{Glasner76,
  title={Proximal flows},
  author={Glasner, Shmuel},
  isbn={9783540076896},
  lccn={00758434},
  series={Lecture Notes in Mathematics},
  year={1976},
  publisher={Springer, Berlin, Heidelberg}
}


@article{GW02,
  title={Minimal actions of the group {$\mathbb{S}(Z)$} of permutations of the integers},
  author={Eli Glasner and Benjamin Weiss},
  journal={Geometric and Functional Analysis GAFA},
  year={2002},
  volume={12},
  pages={964-988}
}

@article{HJTV19, 
title={Thompson’s group $F$ is not strongly amenable}, 
volume={39}, 
DOI={10.1017/etds.2017.49}, 
number={4}, 
journal={Ergodic Theory and Dynamical Systems}, 
publisher={Cambridge University Press}, 
author={Hartman, Yair and Juschenko, Kate and Tamuz, Omer and Vahidi Ferdowsi, Pooya}, 
year={2019}, 
pages={925–929}}


@Article{Glasner83,
author={Glasner, Shmuel},
title={Proximal flows of Lie groups},
journal={Israel Journal of Mathematics},
year={1983},
month={Jun},
volume={45},
number={2},
pages={97--99},
issn={1565-8511},
doi={10.1007/BF02774011},
url={https://doi.org/10.1007/BF02774011},
}

@article {BFK97,
    AUTHOR = {Blanchard, Francois and Formenti, Enrico and
              Kurka, Petr},
     TITLE = {Cellular automata in the {C}antor, {B}esicovitch, and {W}eyl
              topological spaces},
   JOURNAL = {Complex Systems},
  FJOURNAL = {Complex Systems},
    VOLUME = {11},
      YEAR = {1997},
    NUMBER = {2},
     PAGES = {107--123},
      ISSN = {0891-2513},
   MRCLASS = {58F08 (68Q80)},
  MRNUMBER = {1673733 (99j:58108)},
MRREVIEWER = {Michael Hurley},
}

@incollection {ST12,
    AUTHOR = {Salo, Ville and T{\"o}rm{\"a}, Ilkka},
     TITLE = {Geometry and dynamics of the {B}esicovitch and {W}eyl spaces},
 BOOKTITLE = {Developments in language theory},
    SERIES = {Lecture Notes in Comput. Sci.},
    VOLUME = {7410},
     PAGES = {465--470},
 PUBLISHER = {Springer, Heidelberg},
      YEAR = {2012},
   MRCLASS = {68Q80 (37B10 68Q45)},
  MRNUMBER = {3003663},
       DOI = {10.1007/978-3-642-31653-1_42},
       URL = {http://dx.doi.org/10.1007/978-3-642-31653-1_42},
}

@ARTICLE{Lorenz63,
       author = {{Lorenz}, Edward Norton},
        title = {Deterministic Nonperiodic Flow.},
      journal = {Journal of Atmospheric Sciences},
         year = {1963},
        month = {Mar},
       volume = {20},
       number = {2},
        pages = {130-148},
          doi = {10.1175/1520-0469(1963)020<0130:DNF>2.0.CO;2},
       adsurl = {https://ui.adsabs.harvard.edu/abs/1963JAtS...20..130L},
      adsnote = {Provided by the SAO/NASA Astrophysics Data System}
}

@book{Emch14,
  title={Algebraic Methods in Statistical Mechanics and Quantum Field Theory},
  author={Emch, Gerard G.},
  isbn={9780486151717},
  url={https://books.google.pl/books?id=e6A8BAAAQBAJ},
  year={2014},
  publisher={Dover Publications}
}

@book{EL02,
  title={The Logic of Thermostatistical Physics},
  author={Emch, Gerard G. and Liu, Chuang},
  isbn={9783540413790},
  lccn={20057556},
  series={Physics and astronomy online library},
  url={https://books.google.pl/books?id=5kGcJ-n0b8MC},
  year={2002},
  publisher={Springer}
}

@book{Izhikevich07,
  title={Dynamical Systems in Neuroscience},
  author={Izhikevich, E.M.},
  isbn={9780262090438},
  lccn={2006040349},
  series={Computational neuroscience Dynamical systems in neuroscience},
  url={https://books.google.pl/books?id=kVjM6DFk-twC},
  year={2007},
  publisher={MIT Press}
}

@article{Bahamonde18,
   title={Dynamical systems applied to cosmology: Dark energy and modified gravity},
   volume={775-777},
   ISSN={0370-1573},
   url={http://dx.doi.org/10.1016/j.physrep.2018.09.001},
   DOI={10.1016/j.physrep.2018.09.001},
   journal={Physics Reports},
   publisher={Elsevier BV},
   author={Bahamonde, Sebastian and Böhmer, Christian G. and Carloni, Sante and Copeland, Edmund J. and Fang, Wei and Tamanini, Nicola},
   year={2018},
   month={Nov},
   pages={1–122}
}

@article{Maxwell1865,
author = {Maxwell, James Clerk },
title = {A dynamical theory of the electromagnetic field},
journal = {Philosophical Transactions of the Royal Society of London},
volume = {155},
number = {},
pages = {459-512},
year = {1865},
doi = {10.1098/rstl.1865.0008},
URL = {https://royalsocietypublishing.org/doi/abs/10.1098/rstl.1865.0008},
eprint = {https://royalsocietypublishing.org/doi/pdf/10.1098/rstl.1865.0008}
,
}

@Article{Solecki05,
author={Solecki, Slawomir},
title={Size of subsets of groups and Haar null sets},
journal={Geometric {\&} Functional Analysis GAFA},
year={2005},
month={Feb},
day={01},
volume={15},
number={1},
pages={246--273},
issn={1420-8970},
doi={10.1007/s00039-005-0505-z},
url={https://doi.org/10.1007/s00039-005-0505-z}
}

@article{DG16,
author = {Downarowicz, Tomasz and Glasner, Eli},
doi = {10.12775/TMNA.2016.050},
fjournal = {Topological Methods in Nonlinear Analysis},
journal = {Topol. Methods Nonlinear Anal.},
number = {1},
pages = {321--338},
publisher = {Nicolaus Copernicus University, Juliusz P. Schauder Centre for Nonlinear Studies},
title = {Isomorphic extensions and applications},
url = {https://doi.org/10.12775/TMNA.2016.050},
volume = {48},
year = {2016}
}

@book{ruelle04, 
place={Cambridge}, 
edition={2}, 
series={Cambridge Mathematical Library}, 
title={Thermodynamic Formalism: The Mathematical Structure of Equilibrium Statistical Mechanics}, 
DOI={10.1017/CBO9780511617546}, 
publisher={Cambridge University Press}, 
author={Ruelle, David}, 
year={2004}, 
collection={Cambridge Mathematical Library}
}

@article{HM10,
   title={A characterization of the entropies of multidimensional shifts of finite type},
   volume={171},
   ISSN={0003-486X},
   url={http://dx.doi.org/10.4007/annals.2010.171.2011},
   DOI={10.4007/annals.2010.171.2011},
   number={3},
   journal={Annals of Mathematics},
   publisher={Annals of Mathematics, Princeton U},
   author={Hochman, Michael and Meyerovitch, Tom},
   year={2010},
   month={May},
   pages={2011–2038}
}

@article{Downarowicz,
title = {Entropia},
author = {Downarowicz, Tomasz},
howpublished={\url{http://prac.im.pwr.wroc.pl/~downar/polish/dokumenty/entropia.pdf}},
year={2001},
}

@book{MM09,
  title={Information, physics, and computation},
  author={M{\'e}zard, Marc and Montanari, Andrea},
  year={2009},
  publisher={Oxford Univ. Press}
}

@article{Namioka64, 
title={Folner’s Conditions for Amenable Semi-Groups.}, 
volume={15}, 
url={https://www.mscand.dk/article/view/10723}, 
DOI={10.7146/math.scand.a-10723}, 
journal={Mathematica Scandinavica}, 
author={Namioka, Isaac}, 
year={1964}, 
month={Jun.}, 
pages={18-28} 
}

@book{Billingsley68,
  title={Convergence of Probability Measures},
  author={Billingsley, Patrick},
  lccn={68239229},
  series={Wiley Series in Probability and Mathematical Statistics},
  url={https://books.google.pl/books?id=O9oQAQAAIAAJ},
  year={1968},
  publisher={Wiley}
}


@article{Elman95,
  title={Language as a dynamical system},
  author={Elman, Jeffrey L.},
  journal={Mind as motion: Explorations in the dynamics of cognition},
  pages={195--225},
  year={1995}
}


@article{MDL96,
  title={Evolutionary dynamics of predator-prey systems: an ecological perspective},
  author={Marrow, Paul and Dieckmann, Ulf and Law, Richard},
  journal={Journal of mathematical biology},
  volume={34},
  number={5-6},
  pages={556--578},
  year={1996},
  publisher={Springer}
}

@book{Downarowicz11, 
place={Cambridge}, 
series={New Mathematical Monographs}, 
title={Entropy in Dynamical Systems}, 
DOI={10.1017/CBO9780511976155}, 
publisher={Cambridge University Press}, 
author={Downarowicz, Tomasz}, 
year={2011}, 
collection={New Mathematical Monographs}
}


%-----------------------------------------------------------------

@book{Poincare,
  title={New Methods of Celestial Mechanics},
  author={Poincar{\'e}, Henri},
  isbn={9781563961151},
  lccn={89014884},
  series={History of Modern Physics},
  url={https://books.google.pl/books?id=NYEpAQAAMAAJ},
  year={1993},
  publisher={Springer Verlag}
}


@article{Smale67,
author = {Smale, Stephen},
fjournal = {Bulletin of the American Mathematical Society},
journal = {Bull. Amer. Math. Soc.},
month = {11},
number = {6},
pages = {747--817},
publisher = {American Mathematical Society},
title = {Differentiable dynamical systems},
url = {https://projecteuclid.org:443/euclid.bams/1183529092},
volume = {73},
year = {1967}
}

@article{May76,
author = {May, Robert},
year = {1976},
pages = {459--467},
title = {Simple Mathematical Models With Very Complicated Dynamics},
volume = {261},
journal = {Nature},
doi = {10.1038/261459a0}
}

@article{LY75,
author = {Li, Tien-Yien  and  Yorke, James A.},
title = {Period Three Implies Chaos},
journal = {The American Mathematical Monthly},
volume = {82},
number = {10},
pages = {985-992},
year  = {1975},
publisher = {Taylor & Francis},
doi = {10.1080/00029890.1975.11994008},
URL = {https://doi.org/10.1080/00029890.1975.11994008},
eprint = { https://doi.org/10.1080/00029890.1975.11994008}
}

@unpublished{Rosenthal,
author = {Rosenthal, Alan},
title = {Strictly Ergodic models and Amenable Group Actions},
note = {Unpublished}
}

@article{HR73,
 ISSN = {00222518, 19435258},
 URL = {http://www.jstor.org/stable/24890617},
 author = {Hansel, G. and  Raoult, J. P.},
 journal = {Indiana University Mathematics Journal},
 number = {3},
 pages = {221--237},
 publisher = {Indiana University Mathematics Department},
 title = {Ergodicity, Uniformity and Unique Ergodicity},
 volume = {23},
 year = {1973}
}


@article{Weiss85,
author = {Weiss, Benjamin},
fjournal = {Bulletin (New Series) of the American Mathematical Society},
journal ={Bull. Amer. Math. Soc. (N.S.)},
month = {10},
number = {2},
pages = {143--146},
publisher = {American Mathematical Society},
title = {Strictly ergodic models for dynamical systems},
url = {https://projecteuclid.org:443/euclid.bams/1183552696},
volume = {13},
year = {1985}
}


@article{Rosenthal89,
     author = {Rosenthal, Alan},
     title = {On strictly ergodic models for commuting ergodic transformations},
     journal = {Annales de l'I.H.P. Probabilit\'es et statistiques},
     publisher = {Gauthier-Villars},
     volume = {25},
     number = {1},
     year = {1989},
     pages = {73-92},
     zbl = {0662.28009},
     mrnumber = {995292},
     url = {http://www.numdam.org/item/AIHPB_1989__25_1_73_0}
}
